<record><leader>00000cas a22000007a 4500</leader><controlfield tag="001">12617042</controlfield><controlfield tag="008">850930d18461852inudr ne      0    0eng d</controlfield><datafield ind1=" " ind2=" " tag="010"><subfield code="a">sn 85048074 </subfield></datafield><datafield ind1=" " ind2=" " tag="040"><subfield code="a">NPI</subfield><subfield code="b">eng</subfield><subfield code="c">NPI</subfield><subfield code="d">OCLCQ</subfield></datafield><datafield ind1=" " ind2=" " tag="042"><subfield code="a">msc</subfield></datafield><datafield ind1="0" ind2="0" tag="245"><subfield code="a">New Albany daily bulletin.</subfield></datafield><datafield ind1=" " ind2=" " tag="260"><subfield code="a">New-Albany, Ind. :</subfield><subfield code="b">Collins &amp; Green</subfield></datafield><datafield ind1=" " ind2=" " tag="300"><subfield code="a">v. :</subfield><subfield code="b">ill. (chiefly advertisements) ;</subfield><subfield code="c">48 cm.</subfield></datafield><datafield ind1="1" ind2=" " tag="362"><subfield code="a">Began May 1846; ceased in 1852</subfield><subfield code="z">Cf. Miller, John W. Indiana newspaper bibliog.</subfield></datafield><datafield ind1=" " ind2=" " tag="500"><subfield code="a">Published also in a weekly edition.</subfield></datafield><datafield ind1=" " ind2=" " tag="500"><subfield code="a">Publishers: 1846-1849, Green &amp; Gordon; 1849-1852, Collins &amp; Green.</subfield></datafield><datafield ind1=" " ind2=" " tag="500"><subfield code="a">"Whig" Cf. Miller.</subfield></datafield><datafield ind1=" " ind2=" " tag="588"><subfield code="a">Description based on: Vol. 1, no. 6 (June 20, 1846).</subfield></datafield><datafield ind1=" " ind2=" " tag="752"><subfield code="a">United States</subfield><subfield code="b">Indiana</subfield><subfield code="c">Floyd</subfield><subfield code="d">New Albany.</subfield></datafield><datafield ind1="0" ind2="0" tag="780"><subfield code="t">New-Albany daily gazette</subfield></datafield><datafield ind1="0" ind2="0" tag="785"><subfield code="t">New Albany daily tribune (New Albany, Ind. : 1852)</subfield><subfield code="w">(DLC)sn 84045482</subfield></datafield><datafield ind1="1" ind2=" " tag="029"><subfield code="a">AU@</subfield><subfield code="b">000025840572</subfield></datafield></record>